@article{Sable_McGill,
    title     = {Soot: A java Optimization Framework },
    url = {https://www.sable.mcgill.ca/soot/},
    author    = {Sable McGill},
    year      = {2012},
    month     = {Jan},
    number = {1}
}

@article{Vishnu_Kiran,
    title   = {Analyzing and Optimizing the Usage of Java Collection Classes},
    journal = {Bachelors work},
    author  = {Vishnu Kiran},
    year    = {2022},
    month = {May},
}

@article{JavaCC,
    title   = {Java Compiler Compiler (JavaCC)},
    url = {https://javacc.github.io/javacc/},
    author  = {Sreeni Viswanadha and Sriram Sankar.},
    year    = {1996},
    month   = {October},
}

@article{JTB,
    title   = {Java Tree Builder},
    URL = {http://compilers.cs.ucla.edu/jtb/},
    author  = {JTB},
    
}

@book{MTP_2017,
    title     = {Optimization of Java Collection Classes},
    author    = {TELKUNTE NIKHIL RAJENDRA},
    year      = {2018},
    month     = {June},
}

@book{Soot_2008,
    title   = {A Survivor's guide to Java Program Analysis with Soot},
    url     = {https://cs.au.dk/~amoeller/mis/soot.pdf},

    author  = {Arni Einarsson and Janus Dam Nielsen},
    year    = {2008},
    month = {July},

}

@article{TamiFlex,
    title   = {DacapoAndSoot using TamiFlex},
    
    url     = {https://github.com/secure-software-engineering/tamiflex/wiki/DaCapoAndSoot},
    author  = {SSEGroup},
    year    = {2010},
    month   = {Mar},
    
}

@misc{enumitem,
    title  = {{\ttfamily enumitem} -- Control layout of itemize, enumerate, description},
    url    = {https://ctan.org/pkg/enumitem},
    author = {López, Javier Bezos},
    year   = {2019},
}

@misc{booktabs,
    title  = {{\ttfamily booktabs} -- Publication quality tables in {\LaTeX}},
    url    = {https://ctan.org/pkg/booktabs},
    author = {Els, Danie},
    year   = {2020},
}

@misc{array,
    title  = {{\ttfamily array} -- Extending the array and tabular environments},
    url    = {https://ctan.org/pkg/array},
    author = {The \LaTeX\ Team and Mittelbach, Frank},
    year   = {2021},
}

@misc{xcolor,
    title  = {Driver-independent color extensions for {\LaTeX} and {pdf\LaTeX}},
    url    = {https://ctan.org/pkg/xcolor},
    author = {The \LaTeX\ Team and Dr. Uwe Kern},
    year   = {2021},
}

@misc{thmtools,
    title  = {{\ttfamily thmtools} -- Extensions to theorem environments},
    url    = {https://ctan.org/pkg/thmtools},
    author = {Chou, Yukai},
    year   = {2020},
}

@misc{glossaries,
    title  = {{\ttfamily glossaries} -- Create glossaries and lists of acronyms},
    url    = {https://ctan.org/pkg/glossaries},
    author = {Talbot, Nicola},
    year   = {2021},
}

@misc{subcaption,
    title  = {{\ttfamily subcaption} -- subcaption – Support for sub-captions},
    url    = {https://ctan.org/pkg/subcaption},
    author = {Sommerfeldt, Axel},
    year   = {2020},
}

@misc{multirow,
    title  = {{\ttfamily multirow} -- Create tabular cells spanning multiple rows},
    url    = {https://ctan.org/pkg/multirow},
    author = {Pieter van Oostrum},
    year   = {2020},
}

@misc{nomencl,
    title  = {{\ttfamily nomencl} -- Produce lists of symbols as in nomenclatur},
    url    = {https://ctan.org/pkg/nomencl},
    author = {Veytsman, Boris and Shandl, Bernd and Netherton, Lee and Radhakrishnan, CV},
    year   = {2021},
}
